% This file was created with JabRef 2.10.
% Encoding: Cp1252

%^Above references are currently just here as examples

@Misc{unityDocumentationAnimationCurve,
  Title                    = {Unity documentation - AnimationCurves},
  HowPublished             = {\url{https://docs.unity3d.com/ScriptReference/AnimationCurve.html}},
  Note                     = {(Visited April 2017)},
  Year                     = {2017}
}

@book{schell2014art,
  title={The Art of Game Design: A book of lenses},
  author={Schell, Jesse},
  note={Page 174-176},
  year={2014},
  publisher={CRC Press}
}

@Misc{unityNetworkBandwidthLimit,
  Title = {Unity forums - developer post},
  HowPublished = {\url{https://forum.unity3d.com/threads/relay-server-bandwidth-explanation.364594/}},
  Note = {(Visited April 2017)},
  Year = {2017}
}

@Misc{gameBalanceWeaknesses,
  title={Understanding game balance in video games},
  HowPublished = {\url{http://www.gamasutra.com/view/feature/134768/understanding_balance_in_video_.php}},
  Note = {(Visited April 2017)},
  Year = {2011},
  Author={Keith Burgun}
}

@Misc{unityUsageStatistics,
  title={Unity Engine's usage statistics},
  HowPublished = {\url{https://unity3d.com/public-relations}},
  Note = {(Visited May 2017)},
  Year = {2017}
}

@book{keith2010agile,
  title={Agile game development with Scrum},
  author={Keith, Clinton},
  year={2010},
  publisher={Pearson Education}
}

@Misc{oneTrueBraceStyle,
  title={Indent styles},
  howpublished={\url{http://www.catb.org/jargon/html/I/indent-style.html}},
  author={Eric Steven Raymond},
  note={(Visited May 2017)}
}

@Misc{microsoftNamingGuidelines,
  title={Microsoft naming guidelines},
  howpublished={\url{https://msdn.microsoft.com/en-us/library/ms229002(v=vs.110).aspx}},
  note={(Visited May 2017)}
}

@Misc{microsoftCodeGuidelines,
  title={Microsoft C\# code guidelines},
  howpublished={\url{https://msdn.microsoft.com/en-us/library/ff926074.aspx}},
  note={(Visited May 2017)}
}

@Book{gameEngineArch,
  Title         = {Game Engine Architecture, 2nd Edition},
  Author        = {Gregory, Jason},
  Note          = {Chapter 15.2},
  Year          = {2014},
  Publisher     = {A K Peters/CRC Press}
}

@Book{gameDesignTheory,
  Title         = {Game Design Theory: A New Philosophy for Understanding Games},
  Author        = {Burgun, Keith},
  Note          = {Chapter 2},
  Year          = {2012},
  Publisher     = {A K Peters/CRC Press}
}

@Misc{unityScriptManual,
  Title         = {Unity Manual - Creating and Using Scripts},
  HowPublished  = {\url{https://docs.unity3d.com/Manual/CreatingAndUsingScripts.html}},
  Note          = {(Visited May 2017)},
  Year          = {2017}
}

@Misc{unityUNETManual,
  Title         = {Unity Manual - Networking Overview},
  HowPublished  = {\url{https://docs.unity3d.com/Manual/UNetOverview.html}},
  Note          = {(Visited May 2017)},
  Year          = {2017}
}

@Misc{unityUNETSpawning,
  Title         = {Unity Manual - Networking: Object Spawning},
  HowPublished  = {\url{https://docs.unity3d.com/Manual/UNetSpawning.html}},
  Note          = {(Visited May 2017)},
  Year          = {2017}
}

@Misc{unityNavMeshes,
  Title         = {Unity documentation - NavMeshes},
  HowPublished  = {\url{https://docs.unity3d.com/ScriptReference/AI.NavMesh.html}},
  Note          = {(Visited May 2017)},
  Year          = {2017}
}

@Misc{scriptableObjectsTalk,
  Title = {Unite Europe 2016 - Overthrowing the MonoBehaviour tyranny in a glorious ScriptableObject revolution},
  HowPublished = {\url{https://www.youtube.com/watch?v=VBA1QCoEAX4}},
  Year = {2016}
}

@Misc{unityTanksProject,
  Title         = {Unity Asset Store - Tanks!!! Reference Project},
  HowPublished  = {\url{https://www.assetstore.unity3d.com/en/#!/content/80165}},
  Note          = {(Visited May 2017)},
  Year          = {2017}
}

@Misc{androidBackStack,
  Title = {Android Developer Tutorial - Menu Navigation},
  HowPublished = {\url{https://developer.android.com/training/implementing-navigation/temporal.html}},
  Note = {(Visited May 2017)}
}

@Misc{unityGit,
  Title = {The complete guide to Unity \& Git},
  HowPublished = {\url{http://www.gamasutra.com/blogs/TimPettersen/20161206/286981/The_complete_guide_to_Unity__Git.php#Unity_Git_Hosting}},
  Year = {2012},
  Author = {Pettersen, Tim},
  Note = {(Visited May 2017)}
}

@Misc{unityRigidbody,
  Title = {Unity documentation - Rigidbodies},
  HowPublished = {\url{https://docs.unity3d.com/ScriptReference/Rigidbody.html}},
  Note = {(Visited May 2017)}
 }

@Misc{csGO,
    Title = {Counter-Strike: Global Offensive},
    Author = {{Valve Corporation}},
    Year = {2012},
    HowPublished = {[PC Digital Download]}
}
    
@Misc{fieldOfViewGitHub,
  Title         = {GitHub - Field-of-view},
  HowPublished  = {\url{https://github.com/SebLague/Field-of-View}},
  Note          = {(Visited May 2017)},
  Year          = {2017}
}

@Misc{bitbucketRepo,
  Title={Dockit League - BitBucket repository},
  HowPublished={\url{https://bitbucket.org/Knitram/dockitleague}}
}

@Misc{x86build,
  Title = {Dockit League - Windows x86 Build},
  HowPublished = {\url{https://developer.cloud.unity3d.com/share/W1f8FymOHG/}}
}

@Misc{x64build,
  Title = {Dockit League - Windows x64 Build},
  HowPublished = {\url{https://developer.cloud.unity3d.com/share/byS7cJX_Bz/}}
}

@Misc{macOSbuild,
  Title = {Dockit League - macOS Build},
  HowPublished = {\url{https://developer.cloud.unity3d.com/share/-yLt5kQurM/}}
}

@Misc{linuxbuild,
  Title = {Dockit League - Linux Build},
  HowPublished = {\url{https://developer.cloud.unity3d.com/share/ZkwbsymuBG/}}
}

@inproceedings{bernier2001latency,
  title={Latency compensating methods in client/server in-game protocol design and optimization},
  author={Bernier, Yahn W},
  booktitle={Game Developers Conference},
  volume={98033},
  year={2001}
}

@Misc{redditUnityNetwork,
  Title={Reddit - Game developer shares issues with Unity's HLAPI.},
  HowPublished={\url{https://www.reddit.com/r/gamedev/comments/5l26if/6_months_later_this_is_why_were_migrating_from/}}
}

@Misc{forumsUnityNetworkFeedback,
  Title={Unity Forums - Feedback thread for the HLAPI},
  HowPublished={\url{https://forum.unity3d.com/threads/official-multiplayer-improvements.390823/page-3}}
}

@Misc{unityAssetLobby,
  Title={Unity Asset Store - Example Lobby Project},
  HowPublished={\url{https://www.assetstore.unity3d.com/en/#!/content/41836}}
}

@Misc{photonThunder,
  Title={Main page for Photon Thunder - A current in development networking alternative to HLAPI},
  HowPublished={\url{https://www.photonengine.com/en/Thunder}}
  }